@Article{Zhong_2013,
  author    = {Xinghui Zhong and Chi-Wang Shu},
  journal   = {Journal of Computational Physics},
  title     = {A simple weighted essentially nonoscillatory limiter for {Runge}{\textendash}{Kutta} discontinuous {Galerkin} methods},
  year      = {2013},
  month     = {jan},
  number    = {1},
  pages     = {397--415},
  volume    = {232},
  doi       = {10.1016/j.jcp.2012.08.028},
  publisher = {Elsevier {BV}},
}

@Article{Zhu_2013,
  author    = {Jun Zhu and Xinghui Zhong and Chi-Wang Shu and Jianxian Qiu},
  journal   = {Journal of Computational Physics},
  title     = {{Runge}{\textendash}{Kutta} discontinuous {Galerkin} method using a new type of {WENO} limiters on unstructured meshes},
  year      = {2013},
  month     = {sep},
  pages     = {200--220},
  volume    = {248},
  doi       = {10.1016/j.jcp.2013.04.012},
  publisher = {Elsevier {BV}},
}

@Book{Toro_2009,
  author    = {Eleuterio F. Toro},
  publisher = {Springer Berlin Heidelberg},
  title     = {Riemann Solvers and Numerical Methods for Fluid Dynamics},
  year      = {2009},
  doi       = {10.1007/b79761},
}

@Book{Quarteroni_2007,
  author    = {Alfio Quarteroni and Riccardo Sacco and Fausto Saleri},
  publisher = {Springer New York},
  title     = {Numerical Mathematics},
  year      = {2007},
  doi       = {10.1007/b98885},
}

@TechReport{Reed_1973,
  author      = {Reed, W H and Hill, T R},
  institution = {Los Alamos Scientific Lab.},
  title       = {Triangular mesh methods for the neutron transport equation},
  year        = {1973},
  month       = {10},
  number      = {LA-UR-73-479},
  place       = {Los Alamos, New Mexico, United States},
  url         = {https://www.osti.gov/biblio/4491151},
}

@InCollection{Cockburn_1998c,
  author    = {Bernardo Cockburn},
  booktitle = {Lecture Notes in Mathematics},
  publisher = {Springer Berlin Heidelberg},
  title     = {An introduction to the {Discontinuous Galerkin} method for convection-dominated problems},
  year      = {1998},
  pages     = {150--268},
  doi       = {10.1007/bfb0096353},
}

@Article{Cockburn_1990,
  author    = {Bernardo Cockburn and Suchung Hou and Chi-Wang Shu},
  journal   = {Mathematics of Computation},
  title     = {The {Runge-Kutta} local projection discontinuous {Galerkin} finite element method for conservation laws. {IV}. The multidimensional case},
  year      = {1990},
  number    = {190},
  pages     = {545--581},
  volume    = {54},
  doi       = {10.1090/s0025-5718-1990-1010597-0},
  publisher = {American Mathematical Society ({AMS})},
}

@Book{Cockburn_2000,
  editor    = {Bernardo Cockburn and George E. Karniadakis and Chi-Wang Shu},
  publisher = {Springer Berlin Heidelberg},
  title     = {Discontinuous Galerkin Methods},
  year      = {2000},
  doi       = {10.1007/978-3-642-59721-3},
}

@Article{Harten_1997,
  author    = {Ami Harten and Bjorn Engquist and Stanley Osher and Sukumar R. Chakravarthy},
  journal   = {Journal of Computational Physics},
  title     = {Uniformly High Order Accurate Essentially Non-oscillatory Schemes, {III}},
  year      = {1997},
  month     = {feb},
  number    = {1},
  pages     = {3--47},
  volume    = {131},
  doi       = {10.1006/jcph.1996.5632},
  publisher = {Elsevier {BV}},
}

@Article{Jiang_1996,
  author    = {Guang-Shan Jiang and Chi-Wang Shu},
  journal   = {Journal of Computational Physics},
  title     = {Efficient Implementation of Weighted {ENO} Schemes},
  year      = {1996},
  month     = {jun},
  number    = {1},
  pages     = {202--228},
  volume    = {126},
  doi       = {10.1006/jcph.1996.0130},
  publisher = {Elsevier {BV}},
}

@Article{Qiu_2005,
  author    = {Jianxian Qiu and Chi-Wang Shu},
  journal   = {{SIAM} Journal on Scientific Computing},
  title     = {Runge--Kutta Discontinuous Galerkin Method Using {WENO} Limiters},
  year      = {2005},
  month     = {jan},
  number    = {3},
  pages     = {907--929},
  volume    = {26},
  doi       = {10.1137/s1064827503425298},
  publisher = {Society for Industrial {\&} Applied Mathematics ({SIAM})},
}

@Article{Zhu_2008,
  author    = {Jun Zhu and Jianxian Qiu and Chi-Wang Shu and Michael Dumbser},
  journal   = {Journal of Computational Physics},
  title     = {Runge{\textendash}Kutta discontinuous Galerkin method using {WENO} limiters {II}: Unstructured meshes},
  year      = {2008},
  month     = {apr},
  number    = {9},
  pages     = {4330--4353},
  volume    = {227},
  doi       = {10.1016/j.jcp.2007.12.024},
  publisher = {Elsevier {BV}},
}

@Article{Hu_1999,
  author    = {Changqing Hu and Chi-Wang Shu},
  journal   = {Journal of Computational Physics},
  title     = {Weighted Essentially Non-oscillatory Schemes on Triangular Meshes},
  year      = {1999},
  month     = {mar},
  number    = {1},
  pages     = {97--127},
  volume    = {150},
  doi       = {10.1006/jcph.1998.6165},
  publisher = {Elsevier {BV}},
}

@Article{Mazaheri_2019,
  author    = {Alireza Mazaheri and Chi-Wang Shu and Vincent Perrier},
  journal   = {Journal of Computational Physics},
  title     = {Bounded and compact weighted essentially nonoscillatory limiters for discontinuous Galerkin schemes: Triangular elements},
  year      = {2019},
  month     = {oct},
  pages     = {461--488},
  volume    = {395},
  doi       = {10.1016/j.jcp.2019.06.023},
  publisher = {Elsevier {BV}},
}

@Book{MPIF_2021,
  author    = {{Message Passing Interface Forum}},
  publisher = {University of Tennessee},
  title     = {{MPI}: A Message-Passing Interface Standard},
  year      = {2021},
  address   = {Knoxville, Tennessee, USA},
  edition   = {4.0},
  url       = {https://www.mpi-forum.org},
}

@Article{Karypis_1998,
  author    = {George Karypis and Vipin Kumar},
  journal   = {{SIAM} Journal on Scientific Computing},
  title     = {A Fast and High Quality Multilevel Scheme for Partitioning Irregular Graphs},
  year      = {1998},
  month     = {jan},
  number    = {1},
  pages     = {359--392},
  volume    = {20},
  doi       = {10.1137/s1064827595287997},
  publisher = {Society for Industrial {\&} Applied Mathematics ({SIAM})},
}

@Book{Meyers_2015,
  author    = {Meyers, Scott},
  publisher = {O'Reilly Media, Inc.},
  title     = {Effective Modern C++},
  year      = {2015},
  address   = {Sebastopol, CA},
  isbn      = {978-1-491-90399-5},
  ean       = {9781491903995},
}

@Article{Gottlieb_1998,
  author    = {Sigal Gottlieb and Chi-Wang Shu},
  journal   = {Mathematics of Computation},
  title     = {Total variation diminishing {Runge-Kutta} schemes},
  year      = {1998},
  number    = {221},
  pages     = {73--85},
  volume    = {67},
  doi       = {10.1090/s0025-5718-98-00913-2},
  publisher = {American Mathematical Society ({AMS})},
}

@Article{Cockburn_2001,
  author    = {Bernardo Cockburn and Chi-Wang Shu},
  journal   = {Journal of Scientific Computing},
  title     = {{Runge–Kutta} Discontinuous {Galerkin} Methods for Convection-Dominated Problems},
  year      = {2001},
  number    = {3},
  pages     = {173--261},
  volume    = {16},
  doi       = {10.1023/a:1012873910884},
  publisher = {Springer Science and Business Media {LLC}},
}

@Article{Biswas_1994,
  author    = {Rupak Biswas and Karen D. Devine and Joseph E. Flaherty},
  journal   = {Applied Numerical Mathematics},
  title     = {Parallel, adaptive finite element methods for conservation laws},
  year      = {1994},
  month     = {apr},
  number    = {1-3},
  pages     = {255--283},
  volume    = {14},
  doi       = {10.1016/0168-9274(94)90029-9},
  publisher = {Elsevier {BV}},
}

@Article{Zhang_2009,
  author  = {Linbo Zhang and Tao Cui and Hui Liu},
  journal = {Journal of Computational Mathematics},
  title   = {A Set of Symmetric Quadrature Rules on Triangles and Tetrahedra},
  year    = {2009},
  number  = {1},
  pages   = {89–96},
  volume  = {27},
}

@Article{Woodward_1984,
  author    = {Paul Woodward and Phillip Colella},
  journal   = {Journal of Computational Physics},
  title     = {The numerical simulation of two-dimensional fluid flow with strong shocks},
  year      = {1984},
  month     = {apr},
  number    = {1},
  pages     = {115--173},
  volume    = {54},
  doi       = {10.1016/0021-9991(84)90142-6},
  publisher = {Elsevier {BV}},
}

@Article{Gottlieb_1997,
  author  = {David Gottlieb and Chi-Wang Shu},
  journal = {SIAM Review},
  title   = {On the Gibbs Phenomenon and Its Resolution},
  year    = {1997},
  number  = {4},
  pages   = {644–668},
  volume  = {39},
  doi     = {10.1137/S0036144596301390},
}

@Article{Chavent_1982,
  author    = {G. Chavent and G. Salzano},
  journal   = {Journal of Computational Physics},
  title     = {A finite-element method for the 1-D water flooding problem with gravity},
  year      = {1982},
  month     = {mar},
  number    = {3},
  pages     = {307--344},
  volume    = {45},
  doi       = {10.1016/0021-9991(82)90107-3},
  publisher = {Elsevier {BV}},
}

@Article{Shu_1988,
  author    = {Chi-Wang Shu and Stanley Osher},
  journal   = {Journal of Computational Physics},
  title     = {Efficient implementation of essentially non-oscillatory shock-capturing schemes},
  year      = {1988},
  month     = {aug},
  number    = {2},
  pages     = {439--471},
  volume    = {77},
  doi       = {10.1016/0021-9991(88)90177-5},
  publisher = {Elsevier {BV}},
}

@Article{Shu_1989,
  author    = {Chi-Wang Shu and Stanley Osher},
  journal   = {Journal of Computational Physics},
  title     = {Efficient implementation of essentially non-oscillatory shock-capturing schemes, {II}},
  year      = {1989},
  month     = {jul},
  number    = {1},
  pages     = {32--78},
  volume    = {83},
  doi       = {10.1016/0021-9991(89)90222-2},
  publisher = {Elsevier {BV}},
}

@Article{van_Leer_1997,
  author    = {Bram van Leer},
  journal   = {Journal of Computational Physics},
  title     = {Towards the Ultimate Conservative Difference Scheme},
  year      = {1997},
  month     = {aug},
  number    = {2},
  pages     = {229--248},
  volume    = {135},
  doi       = {10.1006/jcph.1997.5704},
  publisher = {Elsevier {BV}},
}

@Article{van_Leer_2021,
  author    = {Bram van Leer and Hiroaki Nishikawa},
  journal   = {Journal of Computational Physics},
  title     = {Towards the ultimate understanding of {MUSCL}: Pitfalls in achieving third-order accuracy},
  year      = {2021},
  month     = {dec},
  pages     = {110640},
  volume    = {446},
  doi       = {10.1016/j.jcp.2021.110640},
  publisher = {Elsevier {BV}},
}

@Article{van_Leer_1979,
  author    = {Bram van Leer},
  journal   = {Journal of Computational Physics},
  title     = {Towards the ultimate conservative difference scheme. V. A second-order sequel to Godunov{\textquotesingle}s method},
  year      = {1979},
  month     = {jul},
  number    = {1},
  pages     = {101--136},
  volume    = {32},
  doi       = {10.1016/0021-9991(79)90145-1},
  publisher = {Elsevier {BV}},
}

@Article{Van_Leer_1977a,
  author    = {Bram Van Leer},
  journal   = {Journal of Computational Physics},
  title     = {Towards the ultimate conservative difference scheme. {IV}. A new approach to numerical convection},
  year      = {1977},
  month     = {mar},
  number    = {3},
  pages     = {276--299},
  volume    = {23},
  doi       = {10.1016/0021-9991(77)90095-x},
  publisher = {Elsevier {BV}},
}

@Article{Van_Leer_1977,
  author    = {Bram Van Leer},
  journal   = {Journal of Computational Physics},
  title     = {Towards the ultimate conservative difference scheme {III}. Upstream-centered finite-difference schemes for ideal compressible flow},
  year      = {1977},
  month     = {mar},
  number    = {3},
  pages     = {263--275},
  volume    = {23},
  doi       = {10.1016/0021-9991(77)90094-8},
  publisher = {Elsevier {BV}},
}

@Book{Hesthaven_2008,
  author    = {Jan S. Hesthaven and Tim Warburton},
  publisher = {Springer New York},
  title     = {Nodal Discontinuous Galerkin Methods},
  year      = {2008},
  doi       = {10.1007/978-0-387-72067-8},
}

@InProceedings{Cockburn_1988,
  author    = {Bernardo Cockburn and Chi-Wang Shu},
  booktitle = {1st National Fluid Dynamics Conference, Cincinnati, OH, USA, 25--28 July 1988},
  title     = {The Runge-Kutta local projection P1-discontinuous-Galerkin finite element method for scalar conservation laws},
  year      = {1988},
  address   = {Reston, VA, USA},
  month     = jul,
  publisher = {American Institute of Aeronautics and Astronautics},
  doi       = {10.2514/6.1988-3797},
}

@Article{Cockburn_1989,
  author    = {Bernardo Cockburn and San-Yih Lin and Chi-Wang Shu},
  journal   = {Journal of Computational Physics},
  title     = {{TVB} Runge-Kutta local projection discontinuous Galerkin finite element method for conservation laws {III}: One-dimensional systems},
  year      = {1989},
  month     = {sep},
  number    = {1},
  pages     = {90--113},
  volume    = {84},
  doi       = {10.1016/0021-9991(89)90183-6},
  publisher = {Elsevier {BV}},
}

@Article{Cockburn_1998,
  author    = {Bernardo Cockburn and Chi-Wang Shu},
  journal   = {Journal of Computational Physics},
  title     = {The Runge{\textendash}Kutta Discontinuous Galerkin Method for Conservation Laws V: Multidimensional Systems},
  year      = {1998},
  month     = {apr},
  number    = {2},
  pages     = {199--224},
  volume    = {141},
  doi       = {10.1006/jcph.1998.5892},
  publisher = {Elsevier {BV}},
}

@Article{Bassi_1997,
  author    = {F. Bassi and S. Rebay},
  journal   = {Journal of Computational Physics},
  title     = {A High-Order Accurate Discontinuous Finite Element Method for the Numerical Solution of the Compressible Navier{\textendash}Stokes Equations},
  year      = {1997},
  month     = {mar},
  number    = {2},
  pages     = {267--279},
  volume    = {131},
  doi       = {10.1006/jcph.1996.5572},
  publisher = {Elsevier {BV}},
}

@Article{Cockburn_1998b,
  author    = {Bernardo Cockburn and Chi-Wang Shu},
  journal   = {{SIAM} Journal on Numerical Analysis},
  title     = {The Local Discontinuous Galerkin Method for Time-Dependent Convection-Diffusion Systems},
  year      = {1998},
  month     = {dec},
  number    = {6},
  pages     = {2440--2463},
  volume    = {35},
  doi       = {10.1137/s0036142997316712},
  publisher = {Society for Industrial {\&} Applied Mathematics ({SIAM})},
}

@Article{Bey_1995,
  author    = {Kim S. Bey and Abani Patra and J. Tinsley Oden},
  journal   = {International Journal for Numerical Methods in Engineering},
  title     = {hp-version discontinuous Galerkin methods for hyperbolic conservation laws: A parallel adaptive strategy},
  year      = {1995},
  month     = {nov},
  number    = {22},
  pages     = {3889--3908},
  volume    = {38},
  doi       = {10.1002/nme.1620382209},
  publisher = {Wiley},
}

@Article{Chalmers_2019,
  author    = {N. Chalmers and G. Agbaglah and M. Chrust and C. Mavriplis},
  journal   = {Journal of Computational Physics: X},
  title     = {A parallel hp-adaptive high order discontinuous Galerkin method for the incompressible Navier-Stokes equations},
  year      = {2019},
  month     = {mar},
  pages     = {100023},
  volume    = {2},
  doi       = {10.1016/j.jcpx.2019.100023},
  publisher = {Elsevier {BV}},
}

@Article{Harten_1983,
  author    = {Amiram Harten and Peter D. Lax and Bram van Leer},
  journal   = {{SIAM} Review},
  title     = {On Upstream Differencing and Godunov-Type Schemes for Hyperbolic Conservation Laws},
  year      = {1983},
  month     = {jan},
  number    = {1},
  pages     = {35--61},
  volume    = {25},
  doi       = {https://doi.org/10.1137/1025002},
  publisher = {Society for Industrial {\&} Applied Mathematics ({SIAM})},
}

@Article{Sweby_1984,
  author    = {P. K. Sweby},
  journal   = {{SIAM} Journal on Numerical Analysis},
  title     = {High Resolution Schemes Using Flux Limiters for Hyperbolic Conservation Laws},
  year      = {1984},
  month     = {oct},
  number    = {5},
  pages     = {995--1011},
  volume    = {21},
  doi       = {10.1137/0721062},
  publisher = {Society for Industrial {\&} Applied Mathematics ({SIAM})},
}

@Article{Shi_2017,
  author    = {Yongjie Shi and Yi Xu and Kun Zong and Guohua Xu},
  journal   = {Engineering Applications of Computational Fluid Mechanics},
  title     = {An investigation of coupling ship/rotor flowfield using steady and unsteady rotor methods},
  year      = {2017},
  month     = {jan},
  number    = {1},
  pages     = {417--434},
  volume    = {11},
  doi       = {10.1080/19942060.2017.1308272},
  publisher = {Informa {UK} Limited},
}

@InProceedings{Rajagopalan_1989,
  author    = {R. Ganesh Rajagopalan and Sanjay R. Mathur},
  booktitle = {20th Fluid Dynamics, Plasma Dynamics and Lasers Conference},
  title     = {Three dimensional analysis of a rotor in forward flight},
  year      = {1989},
  month     = {jun},
  publisher = {American Institute of Aeronautics and Astronautics},
  doi       = {10.2514/6.1989-1815},
}

@Article{Rajagopalan_1993,
  author    = {R. Ganesh Rajagopalan and Sanjay R. Mathur},
  journal   = {Journal of the American Helicopter Society},
  title     = {Three Dimensional Analysis of a Rotor in Forward Flight},
  year      = {1993},
  month     = {jul},
  number    = {3},
  pages     = {14--25},
  volume    = {38},
  doi       = {10.4050/JAHS.38.14},
  publisher = {American Helicopter Society},
}

@Article{Shen_2009,
  author    = {Wen Zhong Shen and Jian Hui Zhang and Jens N{\o}rk{\ae}r S{\o}rensen},
  journal   = {Journal of Solar Energy Engineering},
  title     = {The Actuator Surface Model: A New Navier{\textendash}Stokes Based Model for Rotor Computations},
  year      = {2009},
  month     = {jan},
  number    = {1},
  volume    = {131},
  doi       = {10.1115/1.3027502},
  publisher = {{ASME} International},
}

@Article{Kim_2015,
  author    = {Taewoo Kim and Sejong Oh and Kwanjung Yee},
  journal   = {Renewable Energy},
  title     = {Improved actuator surface method for wind turbine application},
  year      = {2015},
  month     = {apr},
  pages     = {16--26},
  volume    = {76},
  doi       = {10.1016/j.renene.2014.11.002},
  publisher = {Elsevier {BV}},
}

@Article{Kang_1997,
  author    = {Ning Kang and Mao Sun},
  journal   = {Journal of the American Helicopter Society},
  title     = {Technical Note: Prediction of the Flow Field of a Rotor in Ground Effect},
  year      = {1997},
  month     = {apr},
  number    = {2},
  pages     = {195--198},
  volume    = {42},
  doi       = {10.4050/jahs.42.195},
  publisher = {American Helicopter Society},
}

@Article{Kang_2000,
  author    = {Ning Kang and Mao Sun},
  journal   = {Journal of Aircraft},
  title     = {Simulated Flowfields in Near-Ground Operation of Single- and Twin-Rotor Configurations},
  year      = {2000},
  month     = {mar},
  number    = {2},
  pages     = {214--220},
  volume    = {37},
  doi       = {10.2514/2.2609},
  publisher = {American Institute of Aeronautics and Astronautics ({AIAA})},
}

@Article{Pei_2022,
  author    = {Weicheng Pei and Yuyan Jiang and Shu Li},
  journal   = {Applied Sciences},
  title     = {An Efficient Parallel Implementation of the Runge{\textendash}Kutta Discontinuous Galerkin Method with Weighted Essentially Non-Oscillatory Limiters on Three-Dimensional Unstructured Meshes},
  year      = {2022},
  month     = {apr},
  number    = {9},
  pages     = {4228},
  volume    = {12},
  doi       = {10.3390/app12094228},
  publisher = {{MDPI} {AG}},
}

@Article{Gottlieb_2001,
  author    = {Sigal Gottlieb and Chi-Wang Shu and Eitan Tadmor},
  journal   = {{SIAM} Review},
  title     = {Strong Stability-Preserving High-Order Time Discretization Methods},
  year      = {2001},
  month     = {jan},
  number    = {1},
  pages     = {89--112},
  volume    = {43},
  comment   = {SSP RK},
  doi       = {10.1137/s003614450036757x},
  publisher = {Society for Industrial {\&} Applied Mathematics ({SIAM})},
}

@Book{Cockburn_1998a,
  author    = {Bernardo Cockburn and Chi-Wang Shu and Claes Johnson and Eitan Tadmor},
  editor    = {Alfio Quarteroni},
  publisher = {Springer Berlin Heidelberg},
  title     = {Advanced Numerical Approximation of Nonlinear Hyperbolic Equations},
  year      = {1998},
  doi       = {10.1007/bfb0096351},
  groups    = {Cockburn},
}

@Comment{jabref-meta: databaseType:bibtex;}
