@PhdThesis{Akinyanju2007,
  Title                    = {Shipboard/Rotorcraft Simulation and Analysis},
  Author                   = {Akinyanju, Ted},
  School                   = {Union Institute and University},
  Year                     = {2007},
  Address                  = {Cincinnati, Ohio, United States}
}

@PhdThesis{Allaneau2012,
  Title                    = {Energy Conserving Numerical Methods for the Computation of Complex Vortical Flows},
  Author                   = {Allaneau, Y},
  School                   = {Stanford University},
  Year                     = {2012},
  Address                  = {Stanford, California, United States}
}

@PhdThesis{Ananthan2006,
  Title                    = {Analysis of Rotor Wake Aerodynamics During Maneuvering Flight Using a Free-Vortex Wake Methodology},
  Author                   = {Ananthan, Shreyas},
  School                   = {University of Maryland, College Park},
  Year                     = {2006},
  Address                  = {College Park, Maryland, United States}
}

@Book{Anderson2001,
  Title                    = {Fundamentals of Aerodynamics},
  Author                   = {Anderson Jr., John D},
  Publisher                = {McGraw-Hill Education},
  Year                     = {2001},
  Address                  = {New York, New York, United States},
  Edition                  = {3rd ed}
}

@Conference{Anusonti-Inthra2008,
  Title                    = {Coupled CFD and Particle Vortex Transport Method: Wing Performance and Wake Validations},
  Author                   = {Anusonti-Inthra, Phuriwat and Floros, Matt},
  Booktitle                = {38th Fluid Dynamics Conference and Exhibit},
  Year                     = {2008},
  Address                  = {Seattle, Washington, United States},
  Publisher                = {American Institute of Aeronautics and Astronautics, Inc.}
}

@Article{Atluri1998,
  Title                    = {A New Meshless Local Petrov-Galerkin (MLPG) Approach in Computational Mechanics},
  Author                   = {Atluri, S N and Zhu, T},
  Journal                  = {Computational Mechanics},
  Year                     = {1998},
  Pages                    = {117-127},
  Volume                   = {22}
}

@PhdThesis{Bagai1995,
  Title                    = {Contributions to the Mathematical Modeling of Rotor Flow Fields Using a Pseudo-Implicit Free-Wake Analysis},
  Author                   = {Bagai, Ashish},
  School                   = {University of Maryland, College Park},
  Year                     = {1995},
  Address                  = {College Park, Maryland, United States}
}

@Article{Bagai1996,
  Title                    = {Free-Wake Analysis of Tandem, Tilt-Rotor and Coaxial Rotor Configurations},
  Author                   = {Bagai, Ashish and Leishman, J. Gordon},
  Journal                  = {Journal of the American Helicopter Society},
  Year                     = {1996},
  Number                   = {3},
  Pages                    = {196-207},
  Volume                   = {41}
}

@Article{Bagai1995a,
  Title                    = {Rotor Free-Wake Modeling Using a Pseudoimplicit Relaxation Algorithm},
  Author                   = {Bagai, A and Leishman, J G},
  Journal                  = {Journal of Aircraft},
  Year                     = {1995},
  Number                   = {6},
  Pages                    = {1276-1285},
  Volume                   = {32}
}

@Article{Bagai1993,
  Title                    = {Flow Visualization of Compressible Vortex Structures Using Density Gradient Techniques},
  Author                   = {Bagai, Ashish and Leishman, J Gordon},
  Journal                  = {Experiments in Fluids},
  Year                     = {1993},
  Number                   = {6},
  Pages                    = {431-442},
  Volume                   = {15}
}

@Article{Bhagwat2000a,
  Title                    = {Stability Analysis of Helicopter Rotor Wakes in Axial Flight},
  Author                   = {Bhagwat, Mahendra J and Leishman, J.},
  Journal                  = {Journal of the American Helicopter Society},
  Year                     = {2000},
  Number                   = {3},
  Pages                    = {165-178},
  Volume                   = {45}
}

@Conference{Bhagwat2000,
  Title                    = {Time-Accurate Free-Vortex Wake Model for Dynamic Rotor Response},
  Author                   = {Bhagwat, Mahendra J and Leishman, J Gordon},
  Booktitle                = {Aeromechanics 2000, American Helicopter Society Specialist Meeting},
  Year                     = {2000},
  Address                  = {Atlanta, Georgia, United States},
  Publisher                = {American Institute of Aeronautics and Astronautics, Inc.}
}

@Conference{Bogstad1999,
  Title                    = {CFD Ship Airwake Analysis for Helicopter Flight Simulators},
  Author                   = {Bogstad, M C and Ait-Ali-Yahia, D and Metcalfe, L and Habashi, W G and Giannias, N and Longo, V},
  Booktitle                = {37th AIAA Aerospace Sciences Meeting and Exhibit},
  Year                     = {1999},
  Address                  = {Reno, Nevada, United States},
  Publisher                = {American Institute of Aeronautics and Astronautics, Inc.}
}

@Article{Bogstad2002,
  Title                    = {Computational-Fluid-Dynamics Based Advanced Ship-Airwake Database for Helicopter Flight Simulators},
  Author                   = {Bogstad, M C and Habashi, W G and Akel, I and Ait-Ali-Yahia, D and Giannias, N and Longo, V},
  Journal                  = {Journal of Aircraft},
  Year                     = {2002},
  Number                   = {5},
  Pages                    = {830-838},
  Volume                   = {39}
}

@Article{Brown2000,
  Title                    = {Rotor Wake Modeling for Flight Dynamic Simulation of Helicopters},
  Author                   = {Brown, Richard E},
  Journal                  = {AIAA Journal},
  Year                     = {2000},
  Number                   = {1},
  Pages                    = {57-63},
  Volume                   = {38}
}

@Article{Brown2000a,
  Title                    = {Comparison of Induced Velocity Models for Helicopter Flight Mechanics},
  Author                   = {Brown, R E and Houston, S S},
  Journal                  = {Journal of Aircraft},
  Year                     = {2000},
  Number                   = {4},
  Pages                    = {623-629},
  Volume                   = {37}
}

@Article{Brown2005,
  Title                    = {Efficient High-Resolution Wake Modeling Using the Vorticity Transport Equation},
  Author                   = {Brown, Richard E and Line, Andrew J},
  Journal                  = {AIAA Journal},
  Year                     = {2005},
  Number                   = {7},
  Pages                    = {1434-1443},
  Volume                   = {43}
}

@PhdThesis{Butsuntorn2008,
  Title                    = {Time Spectral Method for Rotorcraft Flow with Vorticity Confinement},
  Author                   = {Butsuntorn, N},
  School                   = {Stanford University},
  Year                     = {2008},
  Address                  = {Stanford, California, United States}
}

@TechReport{Chen1989,
  Title                    = {A Survey of Nonuniform Inflow Models for Rotorcraft Flight Dynamics and Control Applications},
  Author                   = {Chen, Robert T N},
  Institution              = {NASA Ames Research Center},
  Year                     = {1989},
  Address                  = {Moffett Field, California, United States}
}

@Conference{Clement1992,
  Title                    = {Development of a Real-Time Simulation of a Ship-Correlated Airwake Model Interfaced with a Rotorcraft Dynamic Model},
  Author                   = {Clement, Warren F and Gorder, Peter J and Jewell, Wayne F},
  Booktitle                = {Flight Simulation Technologies Conference},
  Year                     = {1992},
  Address                  = {Hilton Head Island, South Carolina, United States},
  Publisher                = {American Institute of Aeronautics and Astronautics, Inc.}
}

@Article{Conlisk2001,
  Title                    = {Modern Helicopter Rotor Aerodynamics},
  Author                   = {Conlisk, A T},
  Journal                  = {Progress in Aerospace Sciences},
  Year                     = {2001},
  Number                   = {37},
  Pages                    = {419–476}
}

@Book{Cottet2000,
  Title                    = {Vortex Methods: Theory and Practice},
  Author                   = {Cottet, Georges-Henri and Koumoutsakos, Petros D},
  Publisher                = {Cambridge University Press},
  Year                     = {2000},
  Address                  = {Cambridge, United Kingdom}
}

@Conference{Crouse1993,
  Title                    = {A New Method for Improved Rotor Free-Wake Convergence},
  Author                   = {Crouse Jr., G L and Leishman, J G},
  Booktitle                = {31st Aerospace Sciences Meeting \& Exhibit},
  Year                     = {1993},
  Address                  = {Reno, Nevada, United States},
  Publisher                = {American Institute of Aeronautics and Astronautics, Inc.}
}

@Article{Crozon2014,
  Title                    = {Numerical Study of Helicopter Rotors in a Ship Airwake},
  Author                   = {Crozon, C and Steijl, R and Barakos, G N},
  Journal                  = {Journal of Aircraft},
  Year                     = {2014},
  Number                   = {6},
  Pages                    = {1813-1832},
  Volume                   = {51}
}

@Conference{Derby2003,
  Title                    = {Design of 1/48th-Scale Models for Ship/Rotorcraft Interaction Studies},
  Author                   = {Derby, Michael R and Yamauchi, Gloria K},
  Booktitle                = {21st Applied Aerodynamics Conference},
  Year                     = {2003},
  Address                  = {Orlando, Florida, United States},
  Publisher                = {American Institute of Aeronautics and Astronautics, Inc.}
}

@Article{Drees1951,
  Title                    = {Airflow Patterns in the Neighbourhood of Helicopter Rotors: A Description of Some Smoke Tests Carried out in a Wind‐Tunnel at Amsterdam},
  Author                   = {Drees, J. M. and Hendal, W. P.},
  Journal                  = {Aircraft Engineering and Aerospace Technology},
  Year                     = {1951},
  Number                   = {4},
  Pages                    = {107–111},
  Volume                   = {23}
}

@Article{Dukhin2009,
  Title                    = {Bulk Viscosity and Compressibility Measurement Using Acoustic Spectroscopy},
  Author                   = {Dukhin, Andrei S and Goetz, Philip J},
  Journal                  = {Journal of Chemical Physics},
  Year                     = {2009},
  Number                   = {124519},
  Volume                   = {130}
}

@Article{Forrest2012,
  Title                    = {Ship-Helicopter Operating Limits Prediction Using Piloted Flight Simulation and Time-Accurate Airwakes},
  Author                   = {Forrest, James S and Owen, Ieuan and Padfield, Gareth D and Hodge, Steven J},
  Journal                  = {Journal of Aircraft},
  Year                     = {2012},
  Number                   = {4},
  Pages                    = {1020-1031},
  Volume                   = {49}
}

@Conference{Friedman2015,
  Title                    = {Measurements of Dynamic Interface Between Ship and Helicopter Air Wakes},
  Author                   = {Friedman, Chen and Duplessis, Julie and Snyder, Murray},
  Booktitle                = {33rd AIAA Applied Aerodynamics Conference},
  Year                     = {2015},
  Address                  = {Dallas, Texas, United States},
  Publisher                = {American Institute of Aeronautics and Astronautics, Inc.}
}

@Book{Fung1994,
  Title                    = {A First Course in Continuum Mechanics: for Physical and Biological Engineers and Scientists},
  Author                   = {Fung, Yuan Cheng},
  Publisher                = {Prentice Hall, Inc.},
  Year                     = {1994},
  Address                  = {Englewood Cliffs, New Jersey, United States},
  Edition                  = {3ed}
}

@Conference{Gevaert1978,
  Title                    = {Shipboard Launch and Recovery of RPV Helicopters in High Sea States},
  Author                   = {Gevaert, G and Schulze, E},
  Booktitle                = {Guidance and Control Conference},
  Year                     = {1978},
  Address                  = {Palo Alto, California, United States},
  Publisher                = {American Institute of Aeronautics and Astronautics, Inc.}
}

@PhdThesis{Gupta2006,
  Title                    = {Development of a Time-Accurate Viscous Lagrangian Vortex Wake Model for Wind Turbine Applications},
  Author                   = {Gupta, Sandeep},
  School                   = {University of Maryland, College Park},
  Year                     = {2006},
  Address                  = {College Park, Maryland, United States}
}

@PhdThesis{He1989,
  Title                    = {Development and Application of a Generalized Dynamic Wake Theory for Lifting Rotors},
  Author                   = {He, Chengjian},
  School                   = {Georgia Institute of Technology},
  Year                     = {1989},
  Address                  = {Atlanta, Georgia, United States}
}

@Conference{He2008,
  Title                    = {Flight Fidelity Options to Enhance Rotorcraft/Ship Testing and Training},
  Author                   = {He, Chengjian and Lim, Mun Hong and Chen, Weibin},
  Booktitle                = {AIAA Modeling and Simulation Technologies Conference and Exhibit},
  Year                     = {2008},
  Address                  = {Honolulu, Hawaii, United States},
  Publisher                = {American Institute of Aeronautics and Astronautics, Inc.}
}

@Article{He2009,
  Title                    = {Modeling Rotor Wake Dynamics with Viscous Vortex Particle Method},
  Author                   = {He, Chengjian and Zhao, Jinggen},
  Journal                  = {AIAA Journal},
  Year                     = {2009},
  Number                   = {4},
  Pages                    = {902-915},
  Volume                   = {47}
}

@Conference{Herry2011,
  Title                    = {Towards the Impact of Flow Bi-Stability on the Launch and Recovery of Helicopters on Ships},
  Author                   = {Herry, Benjamin and Vorst, J van der},
  Booktitle                = {AIAA Centennial of Naval Aviation Forum "100 Years of Achievement and Progress"},
  Year                     = {2011},
  Address                  = {Virginia Beach, Virginia, United States},
  Publisher                = {American Institute of Aeronautics and Astronautics, Inc.}
}

@Conference{Hess2005,
  Title                    = {A Simplified Technique for Modeling Piloted Rotorcraft Operations Near Ships},
  Author                   = {Hess, Ronald A},
  Booktitle                = {AIAA Atmospheric Flight Mechanics Conference and Exhibit},
  Year                     = {2005},
  Address                  = {San Francisco, California, United States},
  Publisher                = {American Institute of Aeronautics and Astronautics, Inc.}
}

@Article{Houston2003,
  Title                    = {Rotor-Wake Modeling for Simulation of Helicopter Flight Mechanics in Autorotation},
  Author                   = {Houston, S S and Brown, R E},
  Journal                  = {Journal of Aircraft},
  Year                     = {2003},
  Number                   = {5},
  Pages                    = {938-945},
  Volume                   = {40}
}

@Conference{Hoydonck2006,
  Title                    = {Investigation on the Simulation and Handling Qualities for Helicopter Operating near Ship Decks},
  Author                   = {Hoydonck, W R M V and Pavely, M D},
  Booktitle                = {AIAA Modeling and Simulation Technologies Conference and Exhibit},
  Year                     = {2006},
  Address                  = {Keystone, Colorado, United States},
  Publisher                = {American Institute of Aeronautics and Astronautics, Inc.}
}

@Article{Jain2000,
  Title                    = {Interaction of Tip‐Vortices in the Wake of a Two‐Bladed Rotor in Axial Flight},
  Author                   = {Jain, Rohit and Conlisk, A T},
  Journal                  = {Journal of the American Helicopter Society},
  Year                     = {2000},
  Number                   = {8},
  Pages                    = {157-164},
  Volume                   = {45}
}

@PhdThesis{Jang1988,
  Title                    = {Ground and Air Resonance of Bearingless Rotors in Hover and Forward Flight},
  Author                   = {Jang, Jinseok},
  School                   = {University of Maryland, College Park},
  Year                     = {1988},
  Address                  = {College Park, Maryland, United States}
}

@Conference{Jewell1986,
  Title                    = {Realtime Piloted Simulation Investigation of Helicopter Flying Qualities During Approach and Landing on Nonaviation Ships},
  Author                   = {Jewell, W and Clement, W and Johns, J},
  Booktitle                = {24th Aerospace Sciences Meeting},
  Year                     = {1986},
  Address                  = {Reno, Nevada, United States},
  Publisher                = {American Institute of Aeronautics and Astronautics, Inc.}
}

@Book{Johnson2013,
  Title                    = {Rotorcraft Aeromechanics},
  Author                   = {Johnson, Wayne},
  Publisher                = {Cambridge University Press},
  Year                     = {2013},
  Address                  = {New York, New York, USA}
}

@TechReport{Johnson2012,
  Title                    = {A History of Rotorcraft Comprehensive Analyses},
  Author                   = {Wayne Johnson},
  Institution              = {NASA Ames Research Center},
  Year                     = {2012},
  Address                  = {Moffett Field, California, United States}
}

@Conference{Johnson1998Aero,
  Title                    = {Rotorcraft Aerodynamics Models for a Comprehensive Analysis},
  Author                   = {Johnson, Wayne},
  Booktitle                = {the American Helicopter Society 54th Annual Forum},
  Year                     = {1998},
  Address                  = {Washington, DC},
  Publisher                = {American Helicopter Society}
}

@Conference{Johnson1998Dyna,
  Title                    = {Rotorcraft Dynamics Models for a Comprehensive Analysis},
  Author                   = {Johnson, Wayne},
  Booktitle                = {the American Helicopter Society 54th Annual Forum},
  Year                     = {1998},
  Address                  = {Washington, DC},
  Publisher                = {American Helicopter Society}
}

@Conference{Johnson1995Wake,
  Title                    = {A General Free Wake Geometry Calculation For Wings and Rotors},
  Author                   = {Johnson, Wayne},
  Booktitle                = {the American Helicopter Society 51st Annual Forum},
  Year                     = {1995},
  Address                  = {Fort Worth, Texas},
  Publisher                = {American Helicopter Society}
}

@Book{Johnson1994,
  Title                    = {Helicopter Theory},
  Author                   = {Wayne Johnson},
  Publisher                = {Dover Publication, Inc.},
  Year                     = {1994},
  Address                  = {New York, New York, United States}
}

@Article{Kaeaeriae2012,
  Title                    = {Aerodynamic Loading Characteristics of a Model-Scale Helicopter in a Ship's Airwake},
  Author                   = {Kääriä, Christopher H and Wang, Yaxing and Padfield, Gareth D and Forrest, James S and Owen, Ieuan},
  Journal                  = {Journal of Aircraft},
  Year                     = {2012},
  Number                   = {5},
  Pages                    = {1271-1278},
  Volume                   = {49}
}

@PhdThesis{Kamkar2011,
  Title                    = {Mesh Adaption Strategies for Vortex-Dominated Flows},
  Author                   = {Kamkar, Sean Javad},
  School                   = {Stanford University},
  Year                     = {2011},
  Address                  = {Stanford, California, United States}
}

@Article{Kang2000,
  Title                    = {Simulated Flow Fields in Near-Ground Operation of Single- and Twin-Rotor Congurations},
  Author                   = {Kang, Ning and Sun, Mao},
  Journal                  = {Journal of Aircraft},
  Year                     = {2000}
}

@Article{Kang1997,
  Title                    = {Technical Note: Prediction of the Flow Field of a Rotor in Ground Effect},
  Author                   = {Kang, Ning and Sun, Mao},
  Journal                  = {Journal of the American Helicopter Society},
  Year                     = {1997},
  Number                   = {2},
  Pages                    = {195-198},
  Volume                   = {42}
}

@PhdThesis{Katz2009,
  Title                    = {Meshless Methods for Computational Fluid Dynamics},
  Author                   = {Katz, A J},
  School                   = {Stanford University},
  Year                     = {2009},
  Address                  = {Stanford, California, United States}
}

@Article{Kini2002,
  Title                    = {Nature of Locally Steady Rotor Wakes},
  Author                   = {Kini, Santosh and Conlisk, A T},
  Journal                  = {Journal of Aircraft},
  Year                     = {2002},
  Number                   = {5},
  Pages                    = {750-758},
  Volume                   = {39}
}

@TechReport{Lamar2004,
  Title                    = {Modifying Ship Air-Wake Vortices for Aircraft Operations},
  Author                   = {Lamar, John E},
  Institution              = {NASA Langley Research Center},
  Year                     = {2004},
  Address                  = {Hampton, Virginia, United States}
}

@TechReport{Lamar2007,
  Title                    = {Subscale Ship Airwake Studies Using Novel Vortex Flow Devices with Smoke, Laser-Vapor-Screen and Particle Image Velocimetry},
  Author                   = {Lamar, John E and Landman, Drew and Swift, Russell S and Parikh, Paresh C},
  Institution              = {NASA Langley Research Center},
  Year                     = {2007},
  Address                  = {Hampton, Virginia, United States}
}

@Article{Landgrebe1969,
  Title                    = {An Analytical Method for Predicting Rotor Wake Geometry},
  Author                   = {Landgrebe, Anton J.},
  Journal                  = {Journal of the American Helicopter Society},
  Year                     = {1969},
  Number                   = {4},
  Pages                    = {20-32},
  Volume                   = {14}
}

@TechReport{Landgrebe1971,
  Title                    = {An Investigation of the Quantitative Applicability of Model Helicopter Rotor Wake Patterns Obtained from a Water Tunnel},
  Author                   = {Landgrebe, Anton L and Bellinger, Elton D},
  Institution              = {U.S. Army Air Mobility Research and Development Laboratory},
  Year                     = {1971},
  Address                  = {Fort Eustis, Virginia, United States}
}

@Conference{Landsberg1995,
  Title                    = {Analysis of the Nonlinear Coupling Effects of A Helicopter Downwash with an Unsteady Ship Airwake},
  Author                   = {Landsberg, Alexandra and Boris, Jay and Sandberg, William and Young, Theodore R Jr},
  Booktitle                = {33rd Aerospace Sciences Meeting and Exhibit},
  Year                     = {1995},
  Address                  = {Reno, Nevada, United States},
  Publisher                = {American Institute of Aeronautics and Astronautics, Inc.}
}

@Conference{Lee2004,
  Title                    = {Analysis of Pilot Workload in the Helicopter/Ship Dynamic Interface using Time-Accurate and Stochastic Ship Airwake Models},
  Author                   = {Lee, Dooyong and Horn, Joseph F},
  Booktitle                = {AIAA Atmospheric Flight Mechanics Conference and Exhibit},
  Year                     = {2004},
  Address                  = {Providence, Rhode Island, United States},
  Publisher                = {American Institute of Aeronautics and Astronautics, Inc.}
}

@Conference{Lee2003,
  Title                    = {Simulation of Pilot Control Activity During Helicopter Shipboard Operations},
  Author                   = {Lee, Dooyong and Horn, Joseph F and Sezer-Uzol, Nilay and Long, Lyle N},
  Booktitle                = {AIAA Atmospheric Flight Mechanics Conference and Exhibit},
  Year                     = {2003},
  Address                  = {Austin, Texas, United States},
  Publisher                = {American Institute of Aeronautics and Astronautics, Inc.}
}

@Article{Lee2005,
  Title                    = {Simulation of Helicopter Shipboard Launch and Recovery with Time-Accurate Airwakes},
  Author                   = {Lee, Dooyong and Sezer-Uzol, Nilay and Horn, Joseph F and Long, Lyle N},
  Journal                  = {Journal of Aircraft},
  Year                     = {2005},
  Number                   = {2},
  Pages                    = {448-461},
  Volume                   = {42}
}

@Book{Leishman2006,
  Title                    = {Principles of Helicopter Aerodynamics},
  Author                   = {Leishman, J Gordon},
  Publisher                = {Cambridge University Press},
  Year                     = {2006},
  Address                  = {New York, New York, USA},
  Edition                  = {2ed}
}

@Article{Leishman1998a,
  Title                    = {Measurements of the Aperiodic Wake of a Hovering Rotor},
  Author                   = {Leishman, J Gordon},
  Journal                  = {Experiments in Fluids},
  Year                     = {1998},
  Number                   = {4},
  Pages                    = {352-361},
  Volume                   = {25}
}

@Article{Leishman1998,
  Title                    = {Challenges in Understanding the Vortex Dynamics of Helicopter Rotor Wakes},
  Author                   = {J. Gordon Leishman and Ashish Bagai},
  Journal                  = {AIAA Journal},
  Year                     = {1998},
  Number                   = {7},
  Pages                    = {1130-1140},
  Volume                   = {36}
}

@Article{Leishman1996,
  Title                    = {Measurements of Rotor Tip Vortices Using Three-Component Laser Doppler Velocimetry},
  Author                   = {Leishman, J Gordon and Baker, Andrew and Coyne, Alan},
  Journal                  = {Journal of the American Helicopter Society},
  Year                     = {1996},
  Number                   = {4},
  Pages                    = {342-353},
  Volume                   = {41}
}

@Article{Leishman2004,
  Title                    = {The Vortex Ring State as a Spatially and Temporally Developing Wake Instability},
  Author                   = {Leishman, J Gordon and Bhagwat, Mahendra J and Ananthan, Shreyas},
  Journal                  = {Journal of the American Helicopter Society},
  Year                     = {2004},
  Number                   = {2},
  Pages                    = {160-175},
  Volume                   = {49}
}

@Article{Leishman2002,
  Title                    = {Free-Vortex Filament Methods for the Analysis of Helicopter Rotor Wakes},
  Author                   = {Leishman, J Gordon and Bhagwat, Mahendra J and Bagai, Ashish},
  Journal                  = {Journal of Aircraft},
  Year                     = {2002},
  Number                   = {5},
  Pages                    = {759-775},
  Volume                   = {39}
}

@PhdThesis{Lin2000,
  Title                    = {Meshless Local Petrov-Galerkin (MLPG) Method for Convective-Diffusive Transport and Fluid Flows},
  Author                   = {Lin, Hongchang},
  School                   = {University of California, Los Angeles},
  Year                     = {2000},
  Address                  = {Los Angeles, California, United States}
}

@Conference{Muijden2013,
  Title                    = {Computational Ship Airwake Determination to Support Helicopter-Ship Dynamic Interface Assessment},
  Author                   = {Muijden, Jaap van and Boelens, Okko J and Vorst, Jasper van der  and Gooden, Joop H M},
  Booktitle                = {21st AIAA Computational Fluid Dynamics Conference},
  Year                     = {2013},
  Address                  = {San Diego, California, United States},
  Publisher                = {American Institute of Aeronautics and Astronautics, Inc.}
}

@Article{Negrin1991,
  Title                    = {Superimposed Perspective Visual Cues for Helicopter Hovering Above a Moving Ship Deck},
  Author                   = {Negrin, M and Grunwald, A J and Rosen, A},
  Journal                  = {Journal of Guidance, Control, and Dynamics},
  Year                     = {1991},
  Number                   = {3},
  Pages                    = {652-660},
  Volume                   = {14}
}

@Conference{Ngo2014,
  Title                    = {Nonlinear Helicopter and Ship Models for Predictive Control of Ship Landing Operations},
  Author                   = {Ngo, Tri D and Sultan, Cornel},
  Booktitle                = {AIAA Guidance, Navigation, and Control Conference},
  Year                     = {2014},
  Address                  = {National Harbor, Maryland, United States},
  Publisher                = {American Institute of Aeronautics and Astronautics, Inc.}
}

@PhdThesis{Panda1985,
  Title                    = {Dynamic Stability of Hingeless and Bearingless Rotor Blades in Forward Flight},
  Author                   = {Panda, Brahmananda},
  School                   = {University of Maryland, College Park},
  Year                     = {1985},
  Address                  = {College Park, Maryland, United States}
}

@Conference{PaulkJr1983,
  Title                    = {Evaluation of Control and Display Configurations for Helicopter Shipboard Operations},
  Author                   = {Paulk Jr., C H and Donley, S T and Hollis, M K},
  Booktitle                = {AlAA Aircraft Design, Systems and Technology Meeting},
  Year                     = {1983},
  Address                  = {Fort Worth, Texas, United States},
  Publisher                = {American Institute of Aeronautics and Astronautics, Inc.}
}

@Article{Peters1995,
  Title                    = {Finite State Induced Flow Models - Part II: Three-dimensional Rotor Disk},
  Author                   = {Peters, David A and He, Cheng Jian},
  Journal                  = {Journal of Aircraft},
  Year                     = {1995},
  Number                   = {2},
  Pages                    = {323-333},
  Volume                   = {32}
}

@Article{Phillips2009,
  Title                    = {Eulerian Simulation of the Fluid Dynamics of Helicopter Brownout},
  Author                   = {Phillips, Catriona and Brown, Richard E},
  Journal                  = {Journal of Aircraft},
  Year                     = {2009},
  Number                   = {4},
  Pages                    = {1416-1429},
  Volume                   = {46}
}

@PhdThesis{Pulla2006,
  Title                    = {A Study of Helicopter Aerodynamics in Ground Effect},
  Author                   = {Pulla, Devi Prasad},
  School                   = {The Ohio State University},
  Year                     = {2006},
  Address                  = {Columbus, Ohio, United States}
}

@Article{Rajagopalan1991,
  Title                    = {Laminar Flow Analysis of a Rotor in Hover},
  Author                   = {Rajagopalan, R Ganesh and Lim, Chin K},
  Journal                  = {Journal of the American Helicopter Society},
  Year                     = {1991},
  Number                   = {1},
  Pages                    = {12-23},
  Volume                   = {36}
}

@Article{Rajagopalan1991a,
  Title                    = {Three Dimensional Analysis of a Rotor in Forward Flight},
  Author                   = {Rajagopalan, R Ganesh and Mathur, Sanjay R},
  Journal                  = {Journal of the American Helicopter Society},
  Year                     = {1991},
  Number                   = {3},
  Pages                    = {14-25},
  Volume                   = {38}
}

@PhdThesis{Ribera2007,
  Title                    = {Helicopter Flight Dynamics Simulation with a Time-Accurate Free-Vortex Wake Model},
  Author                   = {Ribera, M},
  School                   = {University of Maryland, College Park},
  Year                     = {2007},
  Address                  = {College Park, Maryland, United States}
}

@Conference{Roberts1985,
  Title                    = {Solution Method for a Hovering Helicopter Rotor using the Euler Equation},
  Author                   = {Roberts, T W and Murman, E M},
  Booktitle                = {23rd AIAA Aerospace Sciences Meeting},
  Year                     = {1985},
  Address                  = {Reno, Nevada, United States},
  Publisher                = {American Institute of Aeronautics and Astronautics, Inc.}
}

@Conference{Sankaran2011,
  Title                    = {Overview of the Helios Version 2.0 Computational Platform for Rotorcraft Simulations},
  Author                   = {Sankaran, Venkateswaran and Wissink, Andrew and Datta, Anubhav and Sitaraman, Jayanarayanan and Potsdam, Mark and Jayaraman, Buvana and Katz, Aaron and Kamkar, Sean and Roget, Beatrice and Mavriplis, Dimitri and Saberi, Hossein and Chen, Wei-Bin and Johnson, Wayne and Strawn, Roger},
  Booktitle                = {49th AIAA Aerospace Sciences Meeting including the New Horizons Forum and Aerospace Exposition},
  Year                     = {2011},
  Address                  = {Orlando, Florida, United States},
  Publisher                = {American Institute of Aeronautics and Astronautics, Inc.}
}

@Article{Sattarzadeh2012,
  Title                    = {3D Implicit Mesh-Less Method For Compressible Flow Calculations},
  Author                   = {Sattarzadeh, S and Jahangirian, A},
  Journal                  = {Scientia Iranica B},
  Year                     = {2012},
  Number                   = {3},
  Pages                    = {503–512},
  Volume                   = {19}
}

@PhdThesis{Scully1975,
  Title                    = {Computation of Helicopter Rotor Wake Geometry and Its Influence on Rotor Harmonic Airloads},
  Author                   = {Scully, Michael P},
  School                   = {Massachusetts Institute of Technology},
  Year                     = {1975},
  Address                  = {Cambridge, Massachusetts, United States}
}

@TechReport{Scully1967,
  Title                    = {A Method of Computing Helicopter Vortex Wake Distortion},
  Author                   = {Scully, Michael P},
  Institution              = {Massachusetts Institute of Technology},
  Year                     = {1967},
  Address                  = {Cambridge, Massachusetts, United States}
}

@Book{Shabana2013,
  Title                    = {Dynamics of Multibody Systems},
  Author                   = {Shabana, Ahmed A},
  Publisher                = {Cambridge University Press},
  Year                     = {2013},
  Address                  = {New York, New York, United States},
  Edition                  = {4ed}
}

@PhdThesis{Sun1983,
  Title                    = {A Study of Helicopter Rotor Aerodynamics in Ground-Effect at Low Speeds},
  Author                   = {Sun, Mao},
  School                   = {Princeton University},
  Year                     = {1983},
  Address                  = {Princeton, New Jersey, United States}
}

@PhdThesis{Syal2012,
  Title                    = {Development of a Lagrangian-Lagrangian Methodology to Predict Brownout Dust Clouds},
  Author                   = {Syal, Monica},
  School                   = {University of Maryland, College Park},
  Year                     = {2012},
  Address                  = {College Park, Maryland, United States}
}

@PhdThesis{Wall2009,
  Title                    = {A Discrete Approach to Modelling Helicopter Blade Sailing},
  Author                   = {Wall, Alanna},
  School                   = {Carleton University},
  Year                     = {2009},
  Address                  = {Ottawa, Ontario, Canada}
}

@Article{Wei1992,
  Title                    = {Analytical Modeling of SH-2F Helicopter Shipboard Operation},
  Author                   = {Wei, Fu-Shang and Baitis, Erich and William, Meyers},
  Journal                  = {Journal of Aircraft},
  Year                     = {1992},
  Number                   = {5},
  Pages                    = {877-885},
  Volume                   = {29}
}

@TechReport{Weissinger1947,
  Title                    = {The Lift Distribution of Swept-Back Wings},
  Author                   = {Weissinger, J},
  Institution              = {NACA Langley Aeronautical Lab},
  Year                     = {1947},
  Address                  = {Langley Field, Virginia, United States}
}

@Conference{Whitehouse2007,
  Title                    = {Novel Eulerian Vorticity Transport Wake Module for Rotorcraft Flow Analysis},
  Author                   = {Whitehouse, Glen R and Boschitsch, Alexander H and Quackenbush, Todd R and Wachspress, Daniel A and Brown, Richard E},
  Booktitle                = {the American Helicopter Society 63rd Annual Forum},
  Year                     = {2007},
  Address                  = {Virginia Beach, Virginia, United States},
  Publisher                = {the American Helicopter Society International, Inc.}
}

@Article{Whitehouse2003,
  Title                    = {Modeling the Mutual Distortions of Interacting Helicopter and Aircraft Wakes},
  Author                   = {Whitehouse, G R and Brown, R E},
  Journal                  = {Journal of Aircraft},
  Year                     = {2003},
  Number                   = {3},
  Pages                    = {440-449},
  Volume                   = {40}
}

@Book{Wittenburg2008,
  Title                    = {Dynamics of Multibody Systems},
  Author                   = {Wittenburg, Jens},
  Publisher                = {Springer-Verlag Berlin Heidelberg},
  Year                     = {2008},
  Address                  = {Berlin, Germany}
}

@Article{Zan2003,
  Title                    = {Technical Comment on "Computational-Fluid-Dynamics Based Advanced Ship-Airwake Database for Helicopter Flight Simulation"},
  Author                   = {Zan, Steven},
  Journal                  = {Journal of Aircraft},
  Year                     = {2003},
  Number                   = {5},
  Pages                    = {1007-1007},
  Volume                   = {40}
}

@Conference{Zhang1994,
  Title                    = {Ship Airwake Effects on the Helicopter Rotor Aerodynamic Loads},
  Author                   = {Zhang, Hong and Prasad, J V R and Mavris, Dimitri N},
  Booktitle                = {19th Atmospheric Flight Mechanics Conference},
  Year                     = {1994},
  Address                  = {Scottsdale, Arizona, United States},
  Publisher                = {American Institute of Aeronautics and Astronautics, Inc.}
}

@Conference{Zhang1995,
  Title                    = {Ground Effect Simulation Model for Rotorcraft/Ship Interaction Study},
  Author                   = {Zhang, Hong and Prasadt, J V R and Sankar, L N and Mellos, O A F and Jr. Funk, John D},
  Booktitle                = {Flight Simulation Technologies Conference},
  Year                     = {1995},
  Address                  = {Baltimore, Maryland, United States},
  Publisher                = {American Institute of Aeronautics and Astronautics, Inc.}
}

@Conference{Zhao2013,
  Title                    = {Physics-Based Rotorcraft/Ship Aerodynamic Interaction Modeling in Support of Real Time Flight Simulation},
  Author                   = {Zhao, Jinggen and Rajmohany, Nischint and He, Chengjian},
  Booktitle                = {51st AIAA Aerospace Sciences Meeting including the New Horizons Forum and Aerospace Exposition},
  Year                     = {2013},
  Address                  = {Grapevine, Texas, United States},
  Publisher                = {American Institute of Aeronautics and Astronautics, Inc.}
}

@Book{Zorich2004,
  Title                    = {Mathematical Analysis II},
  Author                   = {Vladimir A. Zorich},
  Publisher                = {Springer-Verlag Berlin Heidelberg},
  Year                     = {2004},
  Address                  = {Germany}
}

@Article{Cao1999,
  author  = {曹义华 and 康凯},
  journal = {北京航空航天大学学报},
  title   = {Euler方程数值模拟绕悬停旋翼桨叶的流动},
  year    = {1999},
  number  = {1},
  pages   = {61-63},
  volume  = {25},
}

@Article{Cao1998,
  author  = {曹义华 and 康凯},
  journal = {直升机技术},
  title   = {旋翼桨叶绕流Euler方程数值模拟},
  year    = {1998},
  number  = {2},
  pages   = {24-29},
}

@PhdThesis{Chen2003,
  Title                    = {共轴双旋翼前飞气动特性研究},
  Author                   = {陈铭},
  School                   = {北京航空航天大学},
  Year                     = {2003},
  Address                  = {北京}
}

@Article{Chen2004,
  author  = {陈铭 and 胡继忠 and 曹义华},
  journal = {北京航空航天大学学报},
  title   = {共轴双旋翼前飞气动特性固定尾迹分析},
  year    = {2004},
  number  = {1},
  pages   = {74-78},
  volume  = {30},
}

@Article{Chen2005,
  author  = {陈铭 and 孙俊勇},
  journal = {北京航空航天大学学报},
  title   = {悬停状态旋翼固定尾迹分析中三角级数的应用},
  year    = {2005},
  number  = {5},
  pages   = {512-515},
  volume  = {31},
}

@Book{HongJZ1999,
  Title                    = {计算多体系统动力学},
  Author                   = {洪嘉振},
  Publisher                = {高等教育出版社},
  Year                     = {1999},
  Address                  = {北京}
}

@Book{Landau2013,
  author    = {朗道 and 栗弗席兹},
  publisher = {高等教育出版社},
  title     = {理论物理学教程（第六卷）流体动力学},
  year      = {2013},
  address   = {北京},
  edition   = {第五版},
}

@PhdThesis{Li2007,
  Title                    = {时间准确自由尾迹方法建模及（倾转）旋翼气动特性分析},
  Author                   = {李春华},
  School                   = {南京航空航天大学},
  Year                     = {2007},
  Address                  = {南京}
}

@PhdThesis{Li2010,
  Title                    = {旋翼非定常自由尾迹及高置信度直升机飞行力学建模研究},
  Author                   = {李攀},
  School                   = {南京航空航天大学},
  Year                     = {2010},
  Address                  = {南京}
}

@Article{Lv2015,
  author  = {吕少杰 and 魏靖彪 and 曹义华},
  journal = {北京航空航天大学学报},
  title   = {基于自由尾迹/面元法的旋翼下洗干扰计算和直升机配平},
  year    = {2015},
  number  = {9},
  pages   = {1624-1630},
  volume  = {41},
}

@Article{Ma2012,
  author  = {马杨超 and 于世美 and 邓彦敏},
  journal = {实验流体力学},
  title   = {共轴式双旋翼悬停诱导速度场的PIV实验研究},
  year    = {2012},
  number  = {1},
  pages   = {16-20},
  volume  = {26},
}

@PhdThesis{Sun2001,
  Title                    = {直升机飞行动力学模型与飞行品质评估},
  Author                   = {孙传伟},
  School                   = {南京航空航天大学},
  Year                     = {2001},
  Address                  = {南京}
}

@Article{Sun1989,
  author  = {孙茂 and Curtiss, H. C.},
  journal = {航空学报},
  title   = {贴地飞行时旋翼空气动力学实验研究},
  year    = {1989},
  number  = {9},
  pages   = {413-419},
  volume  = {10},
}

@Article{Sun1989a,
  author  = {孙茂 and Curtiss, H. C.},
  journal = {空气动力学学报},
  title   = {近地低速飞行时旋翼尾涡系的畸变及其诱导速度},
  year    = {1989},
  number  = {1},
  pages   = {35-42},
  volume  = {7},
}

@Article{Tan2014,
  author  = {谭剑锋 and 王浩文 and 吴超 and 林长亮},
  journal = {航空学报},
  title   = {基于非定常面元/黏性涡粒子混合法的旋翼/平尾非定常气动干扰},
  year    = {2014},
  number  = {3},
  pages   = {643-656},
  volume  = {35},
}

@Article{Tang1997,
  author  = {唐正飞 and 高正},
  journal = {南京航空航天大学学报},
  title   = {共轴双旋翼与单旋翼悬停流场实验测量值的对比},
  year    = {1997},
  number  = {6},
  pages   = {33-38},
  volume  = {29},
}

@Article{Tang1998,
  author  = {唐正飞 and 李锋 and 高正 and 梅卫胜},
  journal = {流体力学实验与测量},
  title   = {用三维激光多谱勒测速仪对共轴双旋翼悬停流场的测定},
  year    = {1998},
  number  = {1},
  pages   = {82-88},
  volume  = {12},
}

@Book{Tong2009,
  author    = {童秉纲 and 尹协远 and 朱克勤},
  publisher = {中国科学技术大学出版社},
  title     = {涡运动理论},
  year      = {2009},
  address   = {合肥},
}

@Article{Wang2014,
  author  = {王强 and 陈铭 and 王保兵 and 苏兵兵},
  journal = {航空动力学报},
  title   = {旋翼几何参数对共轴双旋翼悬停性能的影响},
  year    = {2014},
  number  = {6},
  pages   = {1434-1443},
  volume  = {29},
}

@PhdThesis{Wei2012,
  Title                    = {旋翼非定常流场的黏性涡数值模拟方法及其混合方法的研究},
  Author                   = {魏鹏},
  School                   = {南京航空航天大学},
  Year                     = {2012},
  Address                  = {南京}
}

@Article{Wei2012a,
  author  = {魏鹏 and 史勇杰 and 徐国华 and 招启军},
  journal = {航空学报},
  title   = {基于黏性涡模型的旋翼流场数值方法},
  year    = {2012},
  number  = {5},
  pages   = {771-780},
  volume  = {33},
}

@PhdThesis{Yang1996,
  Title                    = {直升机飞行动力学仿射非线性系统建模与验证},
  Author                   = {杨超},
  School                   = {北京航空航天大学},
  Year                     = {1996},
  Address                  = {北京}
}

@Article{Yu2007,
  author  = {于世美 and 邓彦敏},
  journal = {北京航空航天大学学报},
  title   = {共轴式双旋翼尾迹流场的水洞PIV测量},
  year    = {2007},
  number  = {6},
  pages   = {635-639},
  volume  = {33},
}

@Book{PRC2015,
  Title                    = {中国的军事战略},
  Author                   = {中华人民共和国国务院新闻办公室},
  Year                     = {2015},
  Publisher                = {人民出版社},
  Address                  = {北京},
}

@Comment{jabref-meta: databaseType:bibtex;}
